@article {EmpiricalI,
	author = "Banijamali, Ahmad and Dawadi, Research and Ahmad, Muhammad Ovais and Similä, Jouni and Oivo, Markku and Liukk",
	title = "Empirical Investigation of Scrumban in Global Software Development",
	journal = "Springer International Publishing",
	pages = "229--248",
	year = "2017"
}

@article {GroupInter,
	author = "Bhattacharya, Arpita and Windleharth, Travis W. and Ishii, Rio Anthony and Acevedo, Ivy M. and Aragon, Cecili",
	title = "Group Interactions in Location-Based Gaming",
	journal = "ACM Press",
	year = "2019"
}

@article {Augmentedr,
	author = "Carmigniani, Julie and Furht, Borko and Anisetti, Marco and Ceravolo, Paolo and Damiani, Ernesto and Ivkovic,",
	title = "Augmented reality technologies",
	journal = "Springer Science and Business Media LLC",
	pages = "341--377",
	year = "2010"
}

@article {Real-TimeM,
	author = "Chin-Shyurng, Fahn and Lee, Shih-En and Wu, Meng-Luen",
	title = "Real-Time Musical Conducting Gesture Recognition Based on a Dynamic Time Warping Classifier Using a Single-Depth Camera",
	journal = "MDPI AG",
	pages = "528",
	year = "2019"
}

@article {Assessment,
	author = "Cipresso, Pietro and Pedroli, Elisa and Serino, Silvia and Semonella, Michelle and Tuena, Cosimo and Colombo,",
	title = "Assessment of Unilateral Spatial Neglect Using a Free Mobile Application for Italian Clinicians",
	journal = "Frontiers Media SA",
	year = "2018"
}

@article {Bare-Hande,
	author = "Dudley, John J. and Schuff, Hendrik and Kristensson, Per Ola",
	title = "Bare-Handed 3D Drawing in Augmented Reality",
	journal = "ACM Press",
	year = "2018"
}

@article {3Dmotionca,
	author = "Eichler, Nadav and Hel-Or, Hagit and Shimshoni, Ilan and Itah, Dorit and Gross, Bella and Raz, Shmuel",
	title = "3D motion capture system for assessing patient motion during Fugl-Meyer stroke rehabilitation testing",
	journal = "Institution of Engineering and Technology (IET)",
	pages = "963--975",
	year = "2018"
}

@article {Exploringt,
	author = "Erra, Ugo and Scanniello, Giuseppe and Colonnese, Valerio",
	title = "Exploring the effectiveness of an augmented reality dressing room",
	journal = "Springer Science and Business Media LLC",
	pages = "25077--25107",
	year = "2018"
}

@article {Catchingmo,
	author = "Ewell, Patrick J. and Quist, Michelle C. and Øverup, Camilla S. and Watkins, Heather and Guadagno, Rosanna E.",
	title = "Catching more than pocket monsters: Pokémon Go’s social and psychological effects on players",
	journal = "Informa UK Limited",
	pages = "1--6",
	year = "2019"
}

@article {Motion-Sou,
	author = "Françoise, Jules and Bevilacqua, Frédéric",
	title = "Motion-Sound Mapping through Interaction",
	journal = "Association for Computing Machinery (ACM)",
	pages = "1--30",
	year = "2018"
}

@article {Studyingge,
	author = "Gül, Leman Figen",
	title = "Studying gesture-based interaction on a mobile augmented reality application for co-design activity",
	journal = "Springer Nature",
	pages = "109--124",
	year = "2017"
}

@article {Humanactio,
	author = "Hachaj, Tomasz and Ogiela, Marek R. and Koptyra, Katarzyna",
	title = "Human actions recognition from motion capture recordings using signal resampling and pattern recognition methods",
	journal = "Springer Science and Business Media LLC",
	pages = "223--239",
	year = "2016"
}

@article {Researchag,
	author = "Javornik, Ana",
	title = "Augmented reality: Research agenda for studying the impact of its media characteristics on consumer behaviour",
	journal = "Elsevier BV",
	pages = "252--261",
	year = "2016"
}

@article {Anovelinte,
	author = "Joseph Dube, Tafadzwa and İnce, Gökhan",
	title = "A novel interface for generating choreography based on augmented reality",
	journal = "Elsevier BV",
	pages = "12--24",
	year = "2019"
}

@article {Blowingint,
	author = "Kim, Kangsoo and Schubert, Ryan and Hochreiter, Jason and Bruder, Gerd and Welch, Gregory",
	title = "Blowing in the wind: Increasing social presence with a virtual human via environmental airflow interaction in mixed reality",
	journal = "Elsevier BV",
	pages = "23--32",
	year = "2019"
}

@article {HumanMotio,
	author = "Liu, Zhenbao and Huang, Jinxin and Han, Junwei and Bu, Shuhui and Lv, Jianfeng",
	title = "Human Motion Tracking by Multiple RGBD Cameras",
	journal = "Institute of Electrical and Electronics Engineers (IEEE)",
	pages = "2014--2027",
	year = "2017"
}

@article {DrawingSou,
	author = "Nakagawa, Ryu and Komatsubara, Ryo and Ota, Taku and Mitsumori, Takahisa",
	title = "Drawing Sound in MR Space",
	journal = "ACM Press",
	year = "2018"
}

@article {Abrushdevi,
	author = "Otsuki, Mai and Sugihara, Kenji and Toda, Azusa and Shibata, Fumihisa and Kimura, Asako",
	title = "A brush device with visual and haptic feedback for virtual painting of 3D virtual objects",
	journal = "Springer Science and Business Media LLC",
	pages = "167--181",
	year = "2017"
}

@article {Humanupper,
	author = "Parger, Mathias and Mueller, Joerg H. and Schmalstieg, Dieter and Steinberger, Markus",
	title = "Human upper-body inverse kinematics for increased embodiment in consumer-grade virtual reality",
	journal = "ACM Press",
	year = "2018"
}

@article {UtilizingA,
	author = "Permozer, Ivan and Orehovacki, Tihomir",
	title = "Utilizing Apple’s ARKit 2.0 for Augmented Reality Application Development",
	journal = "IEEE",
	year = "2019"
}

@article {Choreomorp,
	author = "Raheb, Katerina El and Tsampounaris, George and Katifori, Akrivi and Ioannidis, Yannis",
	title = "Choreomorphy",
	journal = "ACM Press",
	year = "2018"
}

@article {FusionKit,
	author = "Rietzler, Michael and Geiselhart, Florian and Thomas, Janek and Rukzio, Enrico",
	title = "FusionKit",
	journal = "ACM Press",
	year = "2016"
}

@article {ARPointer:,
	author = "Ro, Hyocheol and Byun, Jung-Hyun and Park, Yoon Jung and Lee, Nam Kyu and Han, Tack-Don",
	title = "AR Pointer: Advanced Ray-Casting Interface Using Laser Pointer Metaphor for Object Manipulation in 3D Augmented Reality Environment",
	journal = "MDPI AG",
	pages = "3078",
	year = "2019"
}

@article {Affectivee,
	author = "Scirea, Marco and Togelius, Julian and Eklund, Peter and Risi, Sebastian",
	title = "Affective evolutionary music composition with MetaCompose",
	journal = "Springer Science and Business Media LLC",
	pages = "433--465",
	year = "2017"
}

@article {Topologyof,
	author = "Sethares, William A. and Budney, Ryan",
	title = "Topology of musical data",
	journal = "Informa UK Limited",
	pages = "73--92",
	year = "2014"
}

@article {Real-TimeJ,
	author = "Sridhar, Srinath and Mueller, Franziska and Zollhöfer, Michael and Casas, Dan and Oulasvirta, Antti and Theob",
	title = "Real-Time Joint Tracking of a Hand Manipulating an Object from RGB-D Input",
	journal = "Springer International Publishing",
	pages = "294--310",
	year = "2016"
}

@article {MoodVisual,
	author = "Subramaniam, Anand and Barthet, Mathieu",
	title = "Mood Visualiser",
	journal = "ACM Press",
	year = "2017"
}

@article {MakeupCrea,
	author = "Treepong, Bantita and Mitake, Hironori and Hasegawa, Shoichi",
	title = "Makeup Creativity Enhancement with an Augmented Reality Face Makeup System",
	journal = "Association for Computing Machinery (ACM)",
	pages = "1--17",
	year = "2018"
}

@article {LeapMotion,
	author = "Wright, Trinette and de Ribaupierre, Sandrine and Eagleson, Roy",
	title = "Leap Motion Performance in an Augmented Reality Workspace: Integrating Devices with an Interactive Platform",
	journal = "Institute of Electrical and Electronics Engineers (IEEE)",
	pages = "36--41",
	year = "2019"
}

@article {Indoorscen,
	author = "Xiong, Hanjiang and Ma, Wei and Zheng, Xianwei and Gong, Jianya and Abdelalim, Douadi",
	title = "Indoor scene texturing based on single mobile phone images and 3D model fusion",
	journal = "Informa UK Limited",
	pages = "525--543",
	year = "2018"
}

@article {TowardsHum,
	author = "Xu, Cheng and He, Jie and Zhang, Xiaotong and Zhou, Xinghang and Duan, Shihong",
	title = "Towards Human Motion Tracking: Multi-Sensory IMU/TOA Fusion Method and Fundamental Limits",
	journal = "MDPI AG",
	pages = "142",
	year = "2019"
}

@article {Handtracki,
	author = "Yeo, Hui-Shyong and Lee, Byung-Gook and Lim, Hyotaek",
	title = "Hand tracking and gesture recognition system for human-computer interaction using low-cost hardware",
	journal = "Springer Science and Business Media LLC",
	pages = "2687--2715",
	year = "2013"
}

